@inproceedings{gan2015application,
  title={Application of metamodeling to the valuation of large variable annuity portfolios},
  author={Gan, Guojun},
  booktitle={Proceedings of the 2015 Winter Simulation Conference},
  pages={1103--1114},
  year={2015},
  organization={IEEE Press}
}

@article{gan2018regression,
  title={Regression modeling for the valuation of large variable annuity portfolios},
  author={Gan, Guojun and Valdez, Emiliano A},
  journal={North American Actuarial Journal},
  volume={22},
  number={1},
  pages={40--54},
  year={2018},
  publisher={Taylor \& Francis}
}

@article{gan2017modeling,
  title={Modeling partial greeks of variable annuities with dependence},
  author={Gan, Guojun and Valdez, Emiliano A},
  journal={Insurance: Mathematics and Economics},
  volume={76},
  pages={118--134},
  year={2017},
  publisher={Elsevier}
}

@article{gan2018valuation,
  title={Valuation of large variable annuity portfolios using linear models with interactions},
  author={Gan, Guojun},
  journal={Risks},
  volume={6},
  number={3},
  pages={71},
  year={2018},
  publisher={Multidisciplinary Digital Publishing Institute}
}

@article{gan2019metamodeling,
  title={Metamodeling for Variable Annuities},
  author={Gan, Guojun and Valdez, Emiliano A},
  year={2019},
  publisher={Chapman and Hall/CRC}
}

@article{gan2019valuation,
  title={Valuation of Large Variable Annuity Portfolios with Rank Order Kriging},
  author={Gan, Guojun and Valdez, Emiliano A},
  journal={North American Actuarial Journal, Forthcoming},
  year={2019}
}

@article{hejazi2017spatial,
  title={A spatial interpolation framework for efficient valuation of large portfolios of variable annuities},
  author={Hejazi, Seyed Amir and Jackson, Kenneth R and Gan, Guojun},
  journal={arXiv preprint arXiv:1701.04134},
  year={2017}
}

@article{hejazi2016neural,
  title={A neural network approach to efficient valuation of large portfolios of variable annuities},
  author={Hejazi, Seyed Amir and Jackson, Kenneth R},
  journal={Insurance: Mathematics and Economics},
  volume={70},
  pages={169--181},
  year={2016},
  publisher={Elsevier}
}

@article{xu2018moment,
  title={Moment matching machine learning methods for risk management of large variable annuity portfolios},
  author={Xu, Wei and Chen, Yuehuan and Coleman, Conrad and Coleman, Thomas F},
  journal={Journal of Economic Dynamics and Control},
  volume={87},
  pages={1--20},
  year={2018},
  publisher={Elsevier}
}

@article{box1964analysis,
  title={An analysis of transformations},
  author={Box, George EP and Cox, David R},
  journal={Journal of the Royal Statistical Society: Series B (Methodological)},
  volume={26},
  number={2},
  pages={211--243},
  year={1964},
  publisher={Wiley Online Library}
}

@article{lim2015learning,
  title={Learning interactions via hierarchical group-lasso regularization},
  author={Lim, Michael and Hastie, Trevor},
  journal={Journal of Computational and Graphical Statistics},
  volume={24},
  number={3},
  pages={627--654},
  year={2015},
  publisher={Taylor \& Francis}
}

@article{bien2013lasso,
  title={A lasso for hierarchical interactions},
  author={Bien, Jacob and Taylor, Jonathan and Tibshirani, Robert},
  journal={Annals of statistics},
  volume={41},
  number={3},
  pages={1111},
  year={2013},
  publisher={NIH Public Access}
}

@article{tibshirani1996regression,
  title={Regression shrinkage and selection via the lasso},
  author={Tibshirani, Robert},
  journal={Journal of the Royal Statistical Society: Series B (Methodological)},
  volume={58},
  number={1},
  pages={267--288},
  year={1996},
  publisher={Wiley Online Library}
}

@article{quan2018tree,
  title={Tree-based Models for the Efficient Valuation of Large Variable Annuity Portfolios},
  author={Quan, Zhiyu and Gan, Guojun and Valdez, Emiliano A},
  journal={Available at SSRN 3247100},
  year={2018}
}